<collection xmlns="http://www.loc.gov/MARC21/slim">
   <record>
      <leader>01772cam a2200373 i 45 0</leader>
      <controlfield tag="001">6775625</controlfield>
      <controlfield tag="003">OCoLC</controlfield>
      <controlfield tag="005">20150310110733.0</controlfield>
      <controlfield tag="008">140428t20152015ilua     b    001 0 eng  </controlfield>
      <datafield ind1=" " ind2=" " tag="010">
         <subfield code="a">  2014016133</subfield>
      </datafield>
      <datafield ind1=" " ind2=" " tag="020">
         <subfield code="a">9781935871620</subfield>
      </datafield>
      <datafield ind1=" " ind2=" " tag="020">
         <subfield code="a">1935871625</subfield>
      </datafield>
      <datafield ind1=" " ind2=" " tag="035">
         <subfield code="a">ocn878812936</subfield>
      </datafield>
      <datafield ind1=" " ind2=" " tag="040">
         <subfield code="a">DLC</subfield>
         <subfield code="e">rda</subfield>
         <subfield code="b">eng</subfield>
         <subfield code="c">DLC</subfield>
         <subfield code="d">YDX</subfield>
         <subfield code="d">OCLCF</subfield>
         <subfield code="d">YDXCP</subfield>
         <subfield code="d">NMH</subfield>
         <subfield code="d">AEVC</subfield>
      </datafield>
      <datafield ind1=" " ind2=" " tag="042">
         <subfield code="a">pcc</subfield>
      </datafield>
      <datafield ind1="0" ind2="0" tag="050">
         <subfield code="a">HV4493</subfield>
         <subfield code="b">.S35 2015</subfield>
      </datafield>
      <datafield ind1="0" ind2="0" tag="082">
         <subfield code="a">362.5/53</subfield>
         <subfield code="2">23</subfield>
      </datafield>
      <datafield ind1=" " ind2=" " tag="090">
         <subfield code="a">362.553 SCH</subfield>
         <subfield code="b">AEVC</subfield>
      </datafield>
      <datafield ind1="1" ind2=" " tag="100">
         <subfield code="a">Schiff, Jeannette,</subfield>
         <subfield code="e">author.</subfield>
         <subfield code="0">http://viaf.org/viaf/197695896</subfield>
      </datafield>
      <datafield ind1="1" ind2="0" tag="245">
         <subfield code="a">Working with homeless and vulnerable people :</subfield>
         <subfield code="b">basic skills and practices /</subfield>
         <subfield code="c">Jeannette Waegemakers Schiff, University of Calgary.</subfield>
      </datafield>
      <datafield ind1=" " ind2="1" tag="264">
         <subfield code="a">Chicago, IL :</subfield>
         <subfield code="b">Lyceum Books, Inc.,</subfield>
         <subfield code="c">[2015]</subfield>
      </datafield>
      <datafield ind1=" " ind2=" " tag="300">
         <subfield code="a">xxiii, 440 pages :</subfield>
         <subfield code="b">illustrations ;</subfield>
         <subfield code="c">23 cm</subfield>
      </datafield>
      <datafield ind1=" " ind2=" " tag="336">
         <subfield code="a">text</subfield>
         <subfield code="b">txt</subfield>
         <subfield code="2">rdacontent</subfield>
         <subfield code="0">http://id.loc.gov/vocabulary/contentTypes/txt</subfield>
      </datafield>
      <datafield ind1=" " ind2=" " tag="337">
         <subfield code="a">unmediated</subfield>
         <subfield code="b">n</subfield>
         <subfield code="2">rdamedia</subfield>
         <subfield code="0">http://id.loc.gov/vocabulary/mediaTypes/n</subfield>
      </datafield>
      <datafield ind1=" " ind2=" " tag="338">
         <subfield code="a">volume</subfield>
         <subfield code="b">nc</subfield>
         <subfield code="2">rdacarrier</subfield>
         <subfield code="0">http://id.loc.gov/vocabulary/carriers/nc</subfield>
      </datafield>
      <datafield ind1=" " ind2=" " tag="504">
         <subfield code="a">Includes bibliographical references (pages 411-429) and index.</subfield>
      </datafield>
      <datafield ind1=" " ind2=" " tag="596">
         <subfield code="a">3</subfield>
      </datafield>
      <datafield ind1=" " ind2="0" tag="650">
         <subfield code="a">Social work with the homeless.</subfield>
         <subfield code="0">http://id.loc.gov/authorities/subjects/sh88006582</subfield>
      </datafield>
      <datafield ind1=" " ind2="0" tag="650">
         <subfield code="a">Social work with people with social disabilities.</subfield>
         <subfield code="0">http://id.loc.gov/authorities/subjects/sh85124108</subfield>
      </datafield>
      <datafield ind1=" " ind2="0" tag="650">
         <subfield code="a">Homeless persons</subfield>
         <subfield code="x">Services for.</subfield>
         <subfield code="0">http://id.loc.gov/authorities/subjects/sh87004724</subfield>
      </datafield>
      <datafield ind1=" " ind2="0" tag="650">
         <subfield code="a">People with social disabilities</subfield>
         <subfield code="x">Services for.</subfield>
      </datafield>
      <datafield ind1=" " ind2=" " tag="758">
         <subfield code="0">http://worldcat.org/entity/work/id/24061755</subfield>
      </datafield>
      <datafield ind1="0" ind2=" " tag="787">
         <subfield code="n">OCLC Work Id</subfield>
         <subfield code="o">http://worldcat.org/entity/work/id/24061755</subfield>
      </datafield>
      <datafield ind1=" " ind2=" " tag="926">
         <subfield code="a">362.553 SCH</subfield>
         <subfield code="w">DEWEY</subfield>
         <subfield code="c">1</subfield>
         <subfield code="i">33862001354194</subfield>
         <subfield code="d">1/24/2017</subfield>
         <subfield code="e">1/13/2017</subfield>
         <subfield code="l">ON_SHELF</subfield>
         <subfield code="m">NORQ_MAIN</subfield>
         <subfield code="n">11</subfield>
         <subfield code="p">$70.00</subfield>
         <subfield code="r">Y</subfield>
         <subfield code="s">Y</subfield>
         <subfield code="t">BOOK</subfield>
         <subfield code="u">1/27/2015</subfield>
      </datafield>
   </record>
</collection>
